% This file was created with JabRef 2.5.
% Encoding: Cp1252

@BOOK{greene2011,
  title = {Econometric Analysis},
  publisher = {Prentice Hall},
  year = {2011},
  author = {Greene, William H.},
  edition = {7th}
}

@ARTICLE{Kaufmann2016,
  author = {Kaufmann, Michael.},
  title = {Ãœbung S1: SQL Grundlagen},
  year = {2016},
  journal = { }
}

@BOOK{wooldridge2010,
  title = {Econometric Analysis of Cross Section and Panel Data},
  publisher = {The MIT Press},
  year = {2010},
  author = {Wooldridge, Jeffrey M.},
  volume = {1}
}

@comment{jabref-meta: selector_publisher:}

@comment{jabref-meta: selector_author:}

@comment{jabref-meta: selector_journal:}

@comment{jabref-meta: selector_keywords:}

